@book{RefOzsu2011,
  title={Principles of Distributed Database Systems},
  author={{\"O}zsu, T. and Valduriez, P.},
  isbn={9781441988348},
  lccn={2011922491},
  series={Computer science},
  url={http://books.google.fr/books?id=TOBaLQMuNV4C},
  year={2011},
  publisher={Springer}
}

@book{RefHewitt2010,
  title={Cassandra: The Definitive Guide},
  author={Hewitt, E.},
  isbn={9781449396640},
  url={http://books.google.fr/books?id=MKGSbCbEdg0C},
  year={2010},
  publisher={O'Reilly Media}
}

@misc{RefDataStax,
  title = {DataStax OpsCenter : DataStax},
  author = {DataStax},
  howpublished = "\textless \url{http://www.datastax.com/what-we-offer/products-services/datastax-opscenter}\textgreater",
  year = {2014}, 
  note = "[Accessed 15 January 2015]"
}

@misc{RefApacheCassandra,
  title = { The Apache Cassandra Project},
  author = { The Apache Software Foundation},
  howpublished = "\textless \url{http://cassandra.apache.org}\textgreater",
  year = {2009}, 
  note = "[Accessed 15 January 2015]"
}


@misc{RefDataStaxfctCassandra,
  title = { DataStax Cassandra 2.1 Documentation},
  author = {DataStax},
  howpublished = "\textless \url{http://www.datastax.com/documentation/cassandra/2.1/cassandra/gettingStartedCassandraIntro.html}\textgreater",
  year = {2015}, 
  note = "[Accessed 15 January 2015]"
}

@unpublished{RefArtFb,
title = {Cassandra - A Decentralized Structured Storage System},
author = {L. Avinash, M. Prashant},
year = {2009}
}


@unpublished{RefTulip,
title = { The Tulip 3 Framework: A Scalable Software Library for Information Visualization Applications Based on Relational Data
 },
author = {Auber, D. and Archambault, D. and Bourqui, R. and Lambert, A. and Mathiaut, M. and Mary, P. and Delest, M. and Dubois, J. and Melan√ßon, G. },
year = { 2012 },
note = { [Research Report] RR-7860, hal-00659880}
}


@Article{RefArtbalancedalloc,
title = { Balanced Allocations },
author = {Azar, Y. and Broder, A. and Karlin, A. and Upfal, E. },
journal = { SIAM Journal on Computing },
year = { 1999 },
volume= { 29 }, 
number= { 1 }, 
pages = { 180-200 }
}

@unpublished{RefRand,
title = { TThe Power of Two Random Choices: A Survey of
Techniques and Results
 },
author = {Mitzenmacher, M. and Richa, A. and Sitaraman, R.
 },
year = { 2005}
}

@Article{RefLoadBalancingPeertoPeer,
title = { Survey on Load Balancing in Peer-to-Peer
Distributed Hash Tables },
author = {Felber, P. and Kropf, P. , and Schiller, E. and Serbu, S.},
journal = { IEEE Communications Surveys and Tutorials },
year = { 2014 },
volume= { 16 }, 
number= { 1 }, 
pages = { 473-492 }
}






