@misc{Metrics2010,
  author = {Coda Hale, Yammer.com},
  title = {Metrics},
  year = {2010},
  publisher = {GitHub},
  journal = {GitHub repository},
  howpublished = {\url{https://github.com/dropwizard/metrics}},
  note = "[Accessed 15 February 2015]"
}