@misc{seed,
  title = { FAQ Cassandra Wiki},
  author = { The Apache Software Foundation},
  howpublished = "\textless \url{http://wiki.apache.org/cassandra/FAQ#seed}\textgreater",
  year = {2014}, 
  note = "[Accessed 21 January 2015]"
}

@misc{gossip,
  title = { ArchitectureGossip - Cassandra Wiki},
  author = { The Apache Software Foundation},
  howpublished = "\textless \url{http://wiki.apache.org/cassandra/ArchitectureGossip}\textgreater",
  year = {2014}, 
  note = "[Accessed 21 January 2015]"
}


@unpublished{SpaceSaving,
title = {Efficient Computation of Frequent and Top-k Elements in Data Streams},
author = {A, Metwally and D, Agrawal and A, El Abbadi},
year = {2005}
pages = {4-6}
}

@misc{gossip,
  title = { Théorie des graphes - Wikipédia},
  author = { Wikipedia community},
  howpublished = "\textless \url{http://fr.wikipedia.org/wiki/Th%C3%A9orie_des_graphes#D.C3.A9finition_de_graphe_et_vocabulaire}\textgreater",
  year = {2015}, 
  note = "[Accessed 5 February 2015]"
}

