@misc{seed,
  title = { FAQ Cassandra Wiki},
  author = { The Apache Software Foundation},
  howpublished = "\textless \url{http://wiki.apache.org/cassandra/FAQ#seed}\textgreater",
  year = {2014}, 
  note = "[Accessed 21 January 2015]"
}

@misc{gossip,
  title = { ArchitectureGossip - Cassandra Wiki},
  author = { The Apache Software Foundation},
  howpublished = "\textless \url{http://wiki.apache.org/cassandra/ArchitectureGossip}\textgreater",
  year = {2014}, 
  note = "[Accessed 21 January 2015]"
}


@unpublished{SpaceSaving,
title = {Efficient Computation of Frequent and Top-k Elements in Data Streams},
author = {A, Metwally and D, Agrawal and A, El Abbadi},
year = {2005},
pages = {4-6}
}

@misc{SpaceSaving2,
  title = { Finding the Frequent Items in Streams of Data },
  author = { Graham Cormode, Marios Hadjieleftheriou},
  howpublished = "\textless \url{http://dimacs.rutgers.edu/~graham/pubs/papers/freqcacm.pdf}\textgreater",
  year = {2015}, 
  note = "[Accessed 1 Avril 2015]"
}

@misc{graphe,
  title = { Théorie des graphes - Wikipédia},
  author = { Wikipedia community},
  howpublished = "\textless \url{http://fr.wikipedia.org/wiki/Th%C3%A9orie_des_graphes#D.C3.A9finition_de_graphe_et_vocabulaire}\textgreater",
  year = {2015}, 
  note = "[Accessed 5 February 2015]"
}

@book{Ozsu2011,
  title={Principles of Distributed Database Systems},
  author={{\"O}zsu, T. and Valduriez, P.},
  isbn={9781441988348},
  lccn={2011922491},
  series={Computer science},
  url={http://books.google.fr/books?id=TOBaLQMuNV4C},
  year={2011},
  publisher={Springer}
}

@book{Hewitt2010,
  title={Cassandra: The Definitive Guide},
  author={Hewitt, E.},
  isbn={9781449396640},
  url={http://books.google.fr/books?id=MKGSbCbEdg0C},
  year={2010},
  publisher={O'Reilly Media}
}

@misc{DSOpsCenter14,
  title = {DataStax OpsCenter : DataStax},
  author = {DataStax},
  howpublished = "\textless \url{http://www.datastax.com/what-we-offer/products-services/datastax-opscenter}\textgreater",
  year = {2014}, 
  note = "[Accessed 15 January 2015]"
}

@misc{DatastaxDoc15,
  title = {About Apache Cassandra | DataStax Cassandra 2.0 Documentation },
  author = {DataStax},
  howpublished = "\textless \url{http://docs.datastax.com/en/cassandra/2.0/cassandra/gettingStartedCassandraIntro.html}\textgreater",
  year = {2015}, 
  note = "[Accessed 04 April 2014]"
}

@misc{CassArchi13,
  title = {ArchitectureInternals - Cassandra Wiki},
  author = {The Apache Software Foundation},
  howpublished = "\textless \url{http://wiki.apache.org/cassandra/ArchitectureInternals}\textgreater",
  year = {2013}, 
  note = "[Accessed 04 April 2015]"
}

@misc{CassCodeStyle14,
  title = {CodeStyle - Cassandra Wiki},
  author = {The Apache Software Foundation},
  howpublished = "\textless \url{
http://wiki.apache.org/cassandra/CodeStyle}\textgreater",
  year = {2014}, 
  note = "[Accessed 04 April 2015]"
}

@misc{ApacheCassandra09,
  title = { The Apache Cassandra Project},
  author = { The Apache Software Foundation},
  howpublished = "\textless \url{http://cassandra.apache.org}\textgreater",
  year = {2009}, 
  note = "[Accessed 15 January 2015]"
}

@misc{DSDocCassandra15,
  title = { DataStax Cassandra 2.1 Documentation},
  author = {DataStax},
  howpublished = "\textless \url{http://www.datastax.com/documentation/cassandra/2.1/cassandra/gettingStartedCassandraIntro.html}\textgreater",
  year = {2015}, 
  note = "[Accessed 15 January 2015]"
}

@unpublished{FacebookCassandra09,
title = {Cassandra - A Decentralized Structured Storage System},
author = {L. Avinash, M. Prashant},
year = {2009}
}


@unpublished{Tulip12,
title = { The Tulip 3 Framework: A Scalable Software Library for Information Visualization Applications Based on Relational Data
 },
author = {Auber, D. and Archambault, D. and Bourqui, R. and Lambert, A. and Mathiaut, M. and Mary, P. and Delest, M. and Dubois, J. and Melançon, G. },
year = { 2012 },
note = { [Research Report] RR-7860, hal-00659880}
}


@Article{BalancedAlloc99,
title = { Balanced Allocations },
author = {Azar, Y. and Broder, A. and Karlin, A. and Upfal, E. },
journal = { SIAM Journal on Computing },
year = { 1999 },
volume= { 29 }, 
number= { 1 }, 
pages = { 180-200 }
}

@unpublished{RandomChoices05,
title = { The Power of Two Random Choices: A Survey of Techniques and Results
 },
author = {Mitzenmacher, M. and Richa, A. and Sitaraman, R.
 },
year = { 2005}
}

@Article{LoadBalancingPeertoPeer14,
title = { Survey on Load Balancing in Peer-to-Peer
Distributed Hash Tables },
author = {Felber, P. and Kropf, P. , and Schiller, E. and Serbu, S.},
journal = { IEEE Communications Surveys and Tutorials },
year = { 2014 },
volume= { 16 }, 
number= { 1 }, 
pages = { 473-492 }
}

@misc{Metrics2010,
  author = {Coda Hale, Yammer.com},
  title = {Metrics},
  year = {2010},
  publisher = {GitHub},
  journal = {GitHub repository},
  howpublished = {\url{https://github.com/dropwizard/metrics}},
  note = "[Accessed 15 February 2015]"
}


@misc{JavaDriverIssue330,
  title = { [JAVA-330] Support for COPY command - DataStax},
  author = {DataStax community},
  howpublished = "\textless \url{https://datastax-oss.atlassian.net/browse/JAVA-330}\textgreater",
  year = {2014}, 
  note = "[Accessed 18 March 2015]"
}






